@article{arazo2016stern,
  title={Stern-Gerlach Experiment},
  author={Arazo, Maria and Barroso Mancha, Marc and Torre, {\'O}scar de la and Moreno Valero, Laura and Ribes Metidieri, Ariadna and Ribes Metidieri, Patricia and Ventura, Ana and Orellana Mart{\'\i}n, David},
  journal={BWMC 2016: 14th Brainstorming Week on Membrane Computing: Sevilla, ETS de Ingenier{\'\i}a Inform{\'a}tica, February 1-5 (2016), p 101-112},
  pages={101--112},
  year={2016},
  publisher={F{\'e}nix}
}
@article{sakurai1995modern,
  title={Modern quantum mechanics, revised edition},
  author={Sakurai, Jun John and Commins, Eugene D},
  year={1995},
  publisher={AAPT}
}