@book{university1994dimension,
  title={Dimension: Contemporary German Arts and Letters},
  author={University of Texas at Austin. Dept. of Germanic Languages and University of Texas at Austin. Graduate School},
  volume={20},
  year={1994},
  publisher={Department of Germanic Languages, University of Texas at Austin.}
}