Automatically generated by Mendeley Desktop 1.19.2
Any changes to this file will be lost if it is regenerated by Mendeley.

BibTeX export options can be customized via Preferences -> BibTeX in Mendeley Desktop

@article{xia2009observation,
author = {Xia, Yuqi and Qian, Dong and Hsieh, David and Wray, L and Pal, Arijeet and Lin, Hsin and Bansil, Arun and Grauer, DHYS and Hor, Yew San and Cava, Robert Joseph and Others},
journal = {Nature physics},
number = {6},
pages = {398},
publisher = {Nature Publishing Group},
title = {{Observation of a large-gap topological-insulator class with a single Dirac cone on the surface}},
volume = {5},
year = {2009}
}




@book{sakurai1994modern,
address = {Reading, Mass},
author = {Sakurai, J J},
isbn = {978-0201539295},
publisher = {Addison-Wesley Pub. Co},
title = {{Modern quantum mechanics}},
year = {1994}
}
@article{Gerlach1922,
author = {Walter, Gerlach and Stern, Otto},
file = {:Users/Ting/Desktop/Gerlach-Stern1922{\_}Article{\_}DerExperimentelleNachweisDerRi.pdf:pdf},
journal = {Z. Phy},
pages = {349--352},
title = {{Der experimentelle Nachweis der Richtungsquantelung im Magnetfeld}},
volume = {9},
year = {1922}
}
@misc{wiki:LaTeX,
annote = {[Online; accessed 09-October-2018]},
author = {Wikipedia},
title = {{LaTeX --- Wikipedia,The Free Encyclopedia}},
url = {http://en.wikipedia.org/w/index.php?title=LaTeX{\&}oldid=862859153},
year = {2018}
}
