Automatically generated by Mendeley Desktop 1.19.2
Any changes to this file will be lost if it is regenerated by Mendeley.

BibTeX export options can be customized via Options -> BibTeX in Mendeley Desktop

@article{Stern1922,
author = {Stern, Otto},
file = {:home/yyz/桌面/Gerlach-Stern1922{\_}Article{\_}DerExperimentelleNachweisDerRi.pdf:pdf},
journal = {Dimension Contemporary German Arts And Letters},
pages = {349--352},
title = {{Otto Stern}},
year = {1922}
}
@misc{Sakurai,
author = {Sakurai},
file = {:home/yyz/.local/share/data/Mendeley Ltd./Mendeley Desktop/Downloaded/Sakurai - Unknown - Sakurai{\_}QuantumMechanics.pdf.pdf:pdf;:home/yyz/桌面/Morden{\_}QM{\_}Sakurai.pdf:pdf},
title = {{Sakurai{\_}QuantumMechanics.pdf}}
}
