@book{sakurai1967advanced,
  title={Advanced quantum mechanics},
  author={Sakurai,Jun John},
  year={1967},
  publisher={Pearson Education India}
}
@book{FeynmanR.P.Leighton2005,
author = {{Feynman, R.P.Leighton}, R.B.},
booktitle = {Vol. 364Springer, Berlin},
file = {:(Volume 2) Richard P. Feynman, Robert B. Leighton.pdf:pdf},
isbn = {978-0805390469},
title = {{Lecture on Physics : Vol. I}},
url = {http://tocs.ulb.tu-darmstadt.de/1327628X.pdf},
volume = {1},
year = {2005}
}